% This file was created with JabRef 2.9.2.
% Encoding: Cp1252

@INCOLLECTION{Bonaparte1923,
  author = {Napoleon Bonaparte},
  year = {1923},
  title = {What's the Deal with Russia? Trials and Tragedies on the Road to
	Moscow},
  editor = {Arthur Wellesley},
  booktitle = {World Conquest and its Discontents},
  pages = {12--45},
  publisher = {Cambridge University Press},
  location = {Cambridge},
  owner = {Nathaniel Olin},
  timestamp = {2014.09.24}
}

@BOOK{Caesar1991,
  author = {Julius Caesar and Mark Anthony},
  year = {1991},
  title = {Establishing an Empire in Three Simple Steps},
  publisher = {Rome University Press},
  location = {Rome},
  owner = {Nathaniel Olin},
  timestamp = {2014.09.24}
}

@ARTICLE{Khan1972,
  author = {Genghis Khan},
  year = {1972},
  title = {How to Conquer the Known World Without Really Trying},
  journaltitle = {Journal of World Conquest},
  volume = {1},
  number = {1},
  pages = {1--34},
  owner = {Nathaniel Olin},
  timestamp = {2014.09.24}
}

@ONLINE{Victoria2012,
  author = {Queen Alexandrina Victoria},
  title = {I built a global empire---you won't believe what happened next!},
  year = {2012},
  url = {http://en.wikipedia.org/wiki/Queen_Victoria},
  owner = {Nathaniel Olin},
  timestamp = {2014.09.24}
}

@comment{jabref-meta: selector_publisher:}

@comment{jabref-meta: selector_keywords:contentious politics;revolutio
n;social movements;}

@comment{jabref-meta: groupsversion:3;}

@comment{jabref-meta: groupstree:
0 AllEntriesGroup:;
1 SearchGroup:Contentious Politics\;0\;contentious politics\;0\;0\;;
1 KeywordGroup:African Politics\;0\;keywords\;Africa\;0\;0\;;
1 ExplicitGroup:Political Violence\;2\;;
2 KeywordGroup:Civil War\;0\;keywords\;civil war\;0\;0\;;
2 KeywordGroup:Political Violence\;0\;keywords\;political violence\;0\
;0\;;
1 ExplicitGroup:948 Political Economy of Development\;2\;Keefer2004\;;
2 ExplicitGroup:Week 1: Introduction\;0\;Bates2001\;Keefer2004\;;
2 ExplicitGroup:Week 2: Institutions rule\;0\;Acemoglu2001\;Acemoglu20
02\;Acemoglu2005\;Engerman2002\;North1989\;Rodrik2004\;;
2 ExplicitGroup:Week 3: How do institutions rule?\;0\;Acemoglu2008\;Ba
nerjee2005\;Banerjee2005a\;Glaeser2004\;Greif2006\;Nunn2008\;;
2 ExplicitGroup:Week 4: Regime type and development\;0\;Acemoglu2009\;
Hidalgo2010\;Miller2008\;Min2008\;Olson1993\;Przeworski2000\;;
2 ExplicitGroup:Week 5: Leadership and development\;0\;Banerjee2011\;C
hattopadhyay2004\;Humphreys2006\;Jones2005\;Pande2003\;;
2 ExplicitGroup:Week 6: Corruption\;0\;Fisman2001\;Fisman2007\;Goldste
in2008\;Krueger1974\;Shleifer1998\;;
2 ExplicitGroup:Week 8: Resources\;0\;Ahmed2012\;Brollo2012\;Haber2011
\;Robinson2006\;Ross2001\;;
1 ExplicitGroup:813 final project\;0\;Blattman2010\;Collier2004\;Fearo
n2003a\;Parker2013\;Ross2004\;;
1 ExplicitGroup:853 Comparative Political Institutions\;2\;Shepsle1989
\;Thelen1992\;;
2 ExplicitGroup:2. Rational Choice Institutionalism\;0\;Bates1998\;Gre
if2004\;Levi1997\;Riker1980\;Shepsle1989\;Tsebelis1990\;;
2 ExplicitGroup:3. Sociological and Normative Institutionalism\;0\;DiM
aggio1991\;Granovetter1985\;Jepperson1991\;March2006\;Meyer1977\;;
2 ExplicitGroup:4. Historical Institutionalism\;0\;Hall1998a\;Pierson1
996\;Pierson2000\;Thelen1992\;Thelen1999\;;
2 ExplicitGroup:5. Crossing the Line\;0\;Capoccia2007\;Greif2006\;Rodd
en2007\;Weingast2005\;Weyland2008\;;
2 ExplicitGroup:6. Political Institutions in Non-Democratic Regimes\;0
\;Bunce1999\;Gandhi2008\;Magaloni2008\;Pepinsky2013\;;
2 ExplicitGroup:9. Veto Players\;0\;Andrews2004\;Birchfield1998\;Camer
on2000\;Tsebelis1995\;Tsebelis2000\;;
2 ExplicitGroup:11. Political Parties and Party Systems\;0\;Bawn2012\;
Biezen2012\;Blais1996\;Dalton2002\;Katz2009\;Schmidt1996\;;
2 ExplicitGroup:12. Legislatures\;0\;Cox1993\;Cox2000\;Krehbiel1991\;M
attson2004\;Ringe2010\;Shepsle1981\;;
2 ExplicitGroup:13. Executives\;0\;Cheibub2002\;Cheibub2006\;Huber1996
\;Laver1990\;Laver1999\;Shugart1992\;;
2 ExplicitGroup:14. Federalism\;0\;Bakke2006\;Rodden2002\;Weingast1995
\;Wibbels2000\;;
1 ExplicitGroup:Comparative Prelims\;2\;;
2 ExplicitGroup:4. Social Identities, Culture, and Gender\;0\;Abdelal2
006\;Baldez2010\;Hancock2007\;Ross1997\;Swidler1986\;Wedeen2002\;Wrigh
t2005\;Wright2005a\;;
1 ExplicitGroup:999: Politics of Great Lakes Africa\;2\;Ndaywel`eNziem
1998\;Newbury2009\;Vansina1966\;Vansina2010\;;
2 ExplicitGroup:1. Pre-colonial state and society\;0\;Ndaywel`eNziem19
98\;Newbury2009\;UCDP2014\;Vansina1966\;Vansina2010\;;
2 ExplicitGroup:2. The Colonial State\;0\;Bayart1993\;Nzongola-Ntalaja
2002\;Young1994\;;
2 ExplicitGroup:3. Independence\;0\;Witte2002\;Young1965\;;
2 ExplicitGroup:4. Zaire\;0\;Young1985\;;
}

